%% LaTeX2e file `biblio.bib'
%% generated by the `filecontents' environment
%% from source `"ML Engineer Nanodegree Capstone Proposal"' on 2018/02/12.
%%
@article{Author2012,
    Author = {Author, A},
    Title = {Article},
    Year = {2012}}
